<?xml version="1.0" encoding="UTF-8"?><collection xmlns="http://www.loc.gov/MARC21/slim"><record><leader>00349nam--2200121-i-4500</leader><controlfield tag="001">000016310</controlfield><controlfield tag="002">20161230</controlfield><controlfield tag="005">20161230201031</controlfield><controlfield tag="008">060222s1000------------r-----000-0-eng-d</controlfield><datafield ind1=" " ind2=" " tag="100"><subfield code="a">Gauthier,Jean-claude</subfield></datafield><datafield ind1=" " ind2=" " tag="245"><subfield code="a">Conductibilite thermique electronique dans les plasma a basse temperature.these</subfield></datafield><datafield ind1=" " ind2=" " tag="260"><subfield code="a">Orsay,Universite,1974. 118 P</subfield></datafield><datafield ind1=" " ind2=" " tag="852"><subfield code="a">78022</subfield></datafield></record></collection>